
@ARTICLE(kempe03,
  BIBITEMLABEL = "KKT03",
  AUTHOR  = "Kempe, D. and Kleinberg, J. and Tardos, E.",
  TITLE   = "Maximizing the spread of influence through a social network",
  BOOKTITLE    = "PKDD '03 Proceedings of the ninth ACM SIGKDD international conference on Knowledge discovery and data mining",
  YEAR         = 2003,
  PAGES        = "137--146 ",
  ADDRESS      = "New York, NY, {USA}",
)


@ARTICLE(domingo01,
  BIBITEMLABEL = "DpR01",
  AUTHOR  = "Domingos, P. and Richardson, M.",
  TITLE   = "Mining the Network Value of Customers",
  CONFERENCE = "Seventh International COnference on Knowledge Discovery and Data Mining",
  YEAR    = 2001,
)



@inproceedings(domingo02,
  BIBITEMLABEL = "DpR02",
  AUTHOR  = "Domingos, P. and Richardson, M.",
  TITLE   = "Mining knowledge-sharing sites for viral marketing",
  BOOKTITLE = "In Proc. of the 16th ACM SIGKDD Int. Conf. on Knowledge Discovery and Data Mining",
  YEAR    = 2002
)

@inproceedings(cheng13,
  BIBITEMLABEL = "CSH13",
  AUTHOR  = "Cheng, S. and Shen, H. and Huang, J.",
  TITLE   = "StaticGreedy: solving the scalability-accuracy dilemma in influence maximization",
  BOOKTITLE = "Proceedings of the 22nd ACM international conference on Conference on information and knowledge management",
  YEAR    = 2013,
  PAGES   = "509--518"
)