
@CONFERENCE(Bon11,
  BIBITEMLABEL = "Bon11",
  AUTHOR  = "Bonchi, F.",
  TITLE   = "Influence propagation in social networks a data mining perspective",
  BOOKTITLE = "International Conference on Web Intelligence and Intelligent Agent Technology (WI-IAT)",
  YEAR    = 2011
)
@inproceedings(cheng13,
  BIBITEMLABEL = "CSH13",
  AUTHOR  = "Cheng, S. and Shen, H. and Huang, J.",
  TITLE   = "StaticGreedy: solving the scalability-accuracy dilemma in influence maximization",
  BOOKTITLE = "Proceedings of the 22nd ACM international conference on Conference on information and knowledge management",
  YEAR    = 2013,
  PAGES   = "509--518"
)
@ARTICLE(christ07,
  BIBITEMLABEL = "CnF07",
  AUTHOR  = "Christakis, N. and Fowler, J.",
  TITLE   = "The Spread of Obesity in a Large Social Network over 32 Years",
  JOURNAL = "The New England Journal of Medicine",
  YEAR    = 2007,
  VOLUME  = 357,
  PAGES   = "370--379"
)
@CONFERENCE(domingo01,
  BIBITEMLABEL = "DpR01",
  AUTHOR  = "Domingos, P. and Richardson, M.",
  TITLE   = "Mining the Network Value of Customers",
  BOOKTITLE = "Seventh International Conference on Knowledge Discovery and Data Mining",
  YEAR    = 2001
)
@inproceedings(domingo02,
  BIBITEMLABEL = "DpR01",
  AUTHOR  = "Domingos, P. and Richardson, M.",
  TITLE   = "Mining knowledge-sharing sites for viral marketing",
  BOOKTITLE = "In Proc. of the 16th ACM SIGKDD Int. Conf. on Knowledge Discovery and Data Mining",
  YEAR    = 2002
)
@inproceedings(goyal10,
  BIBITEMLABEL = "GBL10",
  AUTHOR  = "Goyal, A. and Bonchi, F. and Lakshmanan, L.",
  TITLE   = "Learning influence probabilities in social networks",
  BOOKTITLE = "Proceedings of the third ACM international conference on Web search and data mining",
  YEAR    = 2010,
  PAGES  = "241--250"
)
@inproceedings(goyal11,
  BIBITEMLABEL = "GBL11",
  AUTHOR  = "Goyal, A. and Bonchi, F. and Lakshmanan, L.",
  TITLE   = "A data-based approach to social influence maximization",
  BOOKTITLE = "Proceedings of the VLDB Endowment (PVLDB)",
  YEAR    = 2011,
  VOLUME = 5,
  NUMBER = 1,
  PAGES  = "73--84"
)
@CONFERENCE(kempe03,
  BIBITEMLABEL = "KKT03",
  AUTHOR  = "Kempe, D. and Kleinberg, J. and Tardos, E.",
  TITLE   = "Maximizing the spread of influence through a social network",
  BOOKTITLE    = "PKDD '03 Proceedings of the ninth ACM SIGKDD international conference on Knowledge discovery and data mining",
  YEAR         = 2003,
  PAGES        = "137--146",
  ADDRESS      = "New York, NY, {USA}",
)
@inproceedings(saito08,
  BIBITEMLABEL = "SNK08",
  AUTHOR  = "Saito, CK. and Nakano, R. and Kimura, M.",
  TITLE   = "Prediction of Information Diffusion Probabilities for Independent Cascade Model",
  BOOKTITLE = "Knowledge-Based Intelligent Information and Engineering Systems Lecture Notes in Computer Science",
  YEAR    = 2008,
  VOLUME = 5179,
  PAGES = "67--75"
)
@incollection{MKS13,
BIBITEMLABEL = "MKS13",
title = {Distributed Submodular Maximization: Identifying Representative Elements in Massive Data},
author = {Mirzasoleiman, B. and Karbasi, A. and Sarkar, R. and Krause, A.},
booktitle = {Advances in Neural Information Processing Systems 26},
editor = {C.J.C. Burges and L. Bottou and M. Welling and Z. Ghahramani and K.Q. Weinberger},
pages = {2049--2057},
year = {2013},
publisher = {Curran Associates, Inc.},
url = {http://papers.nips.cc/paper/5039-distributed-submodular-maximization-identifying-representative-elements-in-massive-data.pdf}
}
@inproceedings{WYH13,
  BIBITEMLABEL = "WYH13",
  author = {Wu, B. and Jing, Y. and He, L.},
  biburl = {http://www.bibsonomy.org/bibtex/2dc8203ec93795e7f82fbadbf291231a6/dblp},
  booktitle = {ICA3PP (2)},
  isbn = {978-3-319-03888-9},
  keywords = {dblp},
  pages = {102-111},
  publisher = {Springer},
  series = {Lecture Notes in Computer Science},
  timestamp = {2013-12-29T00:00:00.000+0100},
  title = {Parallel Social Influence Model with Levy Flight Pattern Introduced for Large-Graph Mining on Weibo.com.},
  url = {http://dblp.uni-trier.de/db/conf/ica3pp/ica3pp2013-2.html#WuYH13},
  volume = 8286,
  year = 2013
}


